\begin{thebibliography}{10}
@techreport{seekanonymity,
	author    ={Ruogu Kang, Stephanie Brown, Sara Kiesler},
	title     = {Why Do People Seek Anonymity on the Internet? Informing Policy and Design},
	institution = {Human Computer Interaction Institute, Department of Psychology, Carnegie Mellon University}
	year      = {2013},
}

@online{privateinternetaccess,
	author = {Rick Falkvinge},
	title = {How Does Privacy Differ From Anonymity, And Why Are Both Important?},
	year = {2013},
	month = Oct,
	day = 02,
	url ={https://www.privateinternetaccess.com/blog/2013/10/how-does-privacy-differ-from-anonymity-and-why-are-both-important/},
}

@online{thechronicle,
	author = {Daniel J. Solove},
	title = {Why Privacy Matters Even if You Have 'Nothing to Hide'},
	year = {2011},
	month = May,
	day = 15,
	url = {http://chronicle.com/article/Why-Privacy-Matters-Even-if/127461/},
}
\end{thebibliography}